<?xml version="1.0" encoding="UTF-8" ?><OAI-PMH xmlns="http://www.openarchives.org/OAI/2.0/" xmlns:xsi="http://www.w3.org/2001/XMLSchema-instance" xsi:schemaLocation="http://www.openarchives.org/OAI/2.0/
http://www.openarchives.org/OAI/2.0/OAI-PMH.xsd"><responseDate>2015-11-20T00:55:53Z</responseDate><request verb="ListRecords" from="2015-11-19T00:00:00Z" until="2015-11-20T15:00:00Z" metadataPrefix="marc21" set="AUT">http://aleph.nkp.cz/OAI</request><ListRecords><record><header><identifier>oai:aleph-nkp.cz:AUT10-000893103</identifier><datestamp>2015-11-19T01:01:11Z</datestamp><setSpec>AUT</setSpec></header><metadata><marc:record xmlns:marc="http://www.loc.gov/MARC21/slim"
xmlns:xsi="http://www.w3.org/2001/XMLSchema-instance"
xsi:schemaLocation="http://www.loc.gov/MARC21/slim
http://www.loc.gov/standards/marcxml/schema/MARC21slim.xsd"><marc:leader>     cz  a22     n  4500</marc:leader><marc:datafield tag="900" ind1=" " ind2=" "><marc:subfield code="a">*J-NÁVRH</marc:subfield></marc:datafield><marc:controlfield tag="001">mub2015893103</marc:controlfield><marc:controlfield tag="003">CZ PrNK</marc:controlfield><marc:controlfield tag="005">20151118142245.0</marc:controlfield><marc:controlfield tag="008">151118|n|aznnnaabn           n a|a      </marc:controlfield><marc:datafield tag="040" ind1=" " ind2=" "><marc:subfield code="a">BOD010</marc:subfield><marc:subfield code="b">cze</marc:subfield><marc:subfield code="e">rda</marc:subfield></marc:datafield><marc:datafield tag="046" ind1=" " ind2=" "><marc:subfield code="f">1954</marc:subfield></marc:datafield><marc:datafield tag="100" ind1="1" ind2=" "><marc:subfield code="a">Sokołowski, Tomasz,</marc:subfield><marc:subfield code="d">1954-</marc:subfield><marc:subfield code="7">mub2015893103</marc:subfield></marc:datafield><marc:datafield tag="370" ind1=" " ind2=" "><marc:subfield code="c">Polsko</marc:subfield></marc:datafield><marc:datafield tag="372" ind1=" " ind2=" "><marc:subfield code="a">občanské právo</marc:subfield><marc:subfield code="a">rodinné právo</marc:subfield></marc:datafield><marc:datafield tag="374" ind1=" " ind2=" "><marc:subfield code="a">vysokoškolští učitelé</marc:subfield><marc:subfield code="a">právníci</marc:subfield></marc:datafield><marc:datafield tag="375" ind1=" " ind2=" "><marc:subfield code="a">muž</marc:subfield></marc:datafield><marc:datafield tag="377" ind1=" " ind2=" "><marc:subfield code="a">pol</marc:subfield></marc:datafield><marc:datafield tag="670" ind1=" " ind2=" "><marc:subfield code="a">Sokołowski, Tomasz: Skutki prawne rozwodu, 1996</marc:subfield></marc:datafield><marc:datafield tag="670" ind1=" " ind2=" "><marc:subfield code="a">NUKAT, cit. 18. 11. 2015</marc:subfield><marc:subfield code="b">autoritní forma</marc:subfield></marc:datafield><marc:datafield tag="670" ind1=" " ind2=" "><marc:subfield code="a">www(Wikipedia, wolna encyklopedia), cit. 18. 11. 2015</marc:subfield><marc:subfield code="b">datum narození, profesní údaje, národnost</marc:subfield></marc:datafield><marc:datafield tag="678" ind1="0" ind2=" "><marc:subfield code="a">Polský profesor občanského a rodinného práva.</marc:subfield></marc:datafield><marc:datafield tag="856" ind1="4" ind2="2"><marc:subfield code="u">https://pl.wikipedia.org/wiki/Tomasz_Sokołowski_(prawnik)</marc:subfield><marc:subfield code="4">N</marc:subfield></marc:datafield><marc:datafield tag="906" ind1=" " ind2=" "><marc:subfield code="a">za20151118</marc:subfield><marc:subfield code="b">honigova</marc:subfield></marc:datafield><marc:datafield tag="906" ind1=" " ind2=" "><marc:subfield code="a">oz20151118</marc:subfield><marc:subfield code="b">honigova</marc:subfield><marc:subfield code="c">Záhlaví - data</marc:subfield></marc:datafield><marc:datafield tag="906" ind1=" " ind2=" "><marc:subfield code="a">ko20150000</marc:subfield><marc:subfield code="b">pospel</marc:subfield><marc:subfield code="c">*</marc:subfield></marc:datafield><marc:datafield tag="991" ind1="0" ind2=" "><marc:subfield code="a">Sokołowski, Tomasz</marc:subfield><marc:subfield code="7">mub2015893103</marc:subfield></marc:datafield><marc:datafield tag="998" ind1=" " ind2=" "><marc:subfield code="a">http://aleph.nkp.cz/F/?func=direct&amp;doc_number=000893103&amp;local_base=AUT</marc:subfield></marc:datafield></marc:record></metadata></record>