<record><header><identifier>oai:aleph-nkp.cz:AUT10-000892978</identifier><datestamp>2015-11-19T01:01:11Z</datestamp><setSpec>AUT</setSpec></header><metadata><marc:record xmlns:marc="http://www.loc.gov/MARC21/slim"
xmlns:xsi="http://www.w3.org/2001/XMLSchema-instance"
xsi:schemaLocation="http://www.loc.gov/MARC21/slim
http://www.loc.gov/standards/marcxml/schema/MARC21slim.xsd"><marc:leader>     cz  a22     n  4500</marc:leader><marc:controlfield tag="001">ko2015892978</marc:controlfield><marc:controlfield tag="003">CZ PrNK</marc:controlfield><marc:controlfield tag="005">20151118083717.0</marc:controlfield><marc:controlfield tag="008">151118|n|aznnnaabn           n a|a      </marc:controlfield><marc:datafield tag="040" ind1=" " ind2=" "><marc:subfield code="a">ABA001</marc:subfield><marc:subfield code="b">cze</marc:subfield><marc:subfield code="d">ABA001</marc:subfield><marc:subfield code="e">rda</marc:subfield></marc:datafield><marc:datafield tag="110" ind1="2" ind2=" "><marc:subfield code="a">Politechnika Krakowska.</marc:subfield><marc:subfield code="b">Wydział Mechaniczny</marc:subfield><marc:subfield code="7">ko2015892978</marc:subfield></marc:datafield><marc:datafield tag="368" ind1=" " ind2=" "><marc:subfield code="a">fakulty vysokých škol</marc:subfield></marc:datafield><marc:datafield tag="370" ind1=" " ind2=" "><marc:subfield code="a">Krakov, Polsko</marc:subfield><marc:subfield code="c">Polsko</marc:subfield></marc:datafield><marc:datafield tag="372" ind1=" " ind2=" "><marc:subfield code="a">vysokoškolské studium</marc:subfield></marc:datafield><marc:datafield tag="377" ind1=" " ind2=" "><marc:subfield code="a">pol</marc:subfield></marc:datafield><marc:datafield tag="410" ind1="2" ind2=" "><marc:subfield code="a">Wydział Mechaniczny Politechniki Krakowskiej</marc:subfield><marc:subfield code="0">o</marc:subfield></marc:datafield><marc:datafield tag="410" ind1="2" ind2=" "><marc:subfield code="a">Politechnika Krakowska.</marc:subfield><marc:subfield code="b">Mechanical Faculty</marc:subfield><marc:subfield code="2">czeeng</marc:subfield><marc:subfield code="0">o</marc:subfield></marc:datafield><marc:datafield tag="670" ind1=" " ind2=" "><marc:subfield code="a">Development in machining technology</marc:subfield></marc:datafield><marc:datafield tag="670" ind1=" " ind2=" "><marc:subfield code="a">www(Wydział Mechaniczny Politechniki Krakowskiej), cit. 18. 11. 2015</marc:subfield></marc:datafield><marc:datafield tag="675" ind1=" " ind2=" "><marc:subfield code="a">LC (Names), cit. 18. 11. 2015</marc:subfield></marc:datafield><marc:datafield tag="906" ind1=" " ind2=" "><marc:subfield code="a">za20151118</marc:subfield><marc:subfield code="b">kaci</marc:subfield></marc:datafield><marc:datafield tag="906" ind1=" " ind2=" "><marc:subfield code="a">oz20151118</marc:subfield><marc:subfield code="b">svsv</marc:subfield><marc:subfield code="c">Záhlaví - oprava; Viz - oprava; Zdroj - oprava; Negativní zdroj - nově; Další info - nově; Související místo - nově; Oblast působení - nově; Jazyk - nově</marc:subfield></marc:datafield><marc:datafield tag="991" ind1="1" ind2=" "><marc:subfield code="a">Politechnika Krakowska im. Tadeusza Kościuszki.</marc:subfield><marc:subfield code="b">Wydział Mechaniczny</marc:subfield><marc:subfield code="7">ko2015892978</marc:subfield></marc:datafield><marc:datafield tag="998" ind1=" " ind2=" "><marc:subfield code="a">http://aleph.nkp.cz/F/?func=direct&amp;doc_number=000892978&amp;local_base=AUT</marc:subfield></marc:datafield></marc:record></metadata></record><resumptionToken>201511190101145201511201500009AUT:AUTM</resumptionToken></ListRecords></OAI-PMH> 